@book{card1999readings,
  title={Readings in Information Visualization: Using Vision to Think},
  author={Card, Stuart K and Mackinlay, Jock D and Shneiderman, Ben},
  year={1999},
  publisher={Morgan Kaufmann}
}

@mastersthesis{kristjansdottir2013thesis,
  title={Downsampling Algorithms for Line Charts},
  author={Kristj{\'a}nsd{\'o}ttir, Hildur {\AE}sa},
  school={Reykjav{\'\i}k University},
  year={2013},
  url={https://skemman.is/handle/1946/17267}
}
@article{mcafee2012bigdata,
  author    = {Andrew McAfee and Erik Brynjolfsson},
  title     = {Big Data: The Management Revolution},
  journal   = {Harvard Business Review},
  volume    = {90},
  number    = {10},
  pages     = {60--66, 68, 128},
  year      = {2012},
  month     = {October},
  issn      = {0017-8012},
  pmid      = {23074865}
}
@inproceedings{ali2016bigdata,
  author    = {Syed Mohd Ali and Noopur Gupta and Gopal Krishna Nayak and Rakesh Kumar Lenka},
  title     = {Big Data Visualization: Tools and Challenges},
  booktitle = {2016 2nd International Conference on Contemporary Computing and Informatics (IC3I)},
  year      = {2016},
  pages     = {656--661},
  publisher = {IEEE},
  doi       = {10.1109/IC3I.2016.7918041},
  isbn      = {978-1-5090-5256-1},
  address   = {Noida, India},
  month     = {Dec}
}
@misc{diebold2012bigdata,
  author       = {Francis X. Diebold},
  title        = {A Personal Perspective on the Origin(s) and Development of “Big Data”: The Phenomenon, the Term, and the Discipline},
  year         = {2012},
  howpublished = {Scholarly Paper No. ID 2202843, Social Science Research Network},
  url          = {http://papers.ssrn.com/sol3/papers.cfm?abstract_id=2202843},
  note         = {Accessed: 2025-05-25}
}
@article{gandomi2015beyond,
  author       = {Amir Gandomi and Murtaza Haider},
  title        = {Beyond the Hype: Big Data Concepts, Methods, and Analytics},
  journal      = {International Journal of Information Management},
  volume       = {35},
  number       = {2},
  pages        = {137--144},
  year         = {2015},
  publisher    = {Elsevier},
  doi          = {10.1016/j.ijinfomgt.2014.10.007},
  url          = {https://doi.org/10.1016/j.ijinfomgt.2014.10.007}
}
@mastersthesis{steinarsson2013downsampling,
  author       = {Sveinn Steinarsson},
  title        = {Downsampling Time Series for Visual Representation},
  school       = {University of Iceland},
  year         = {2013},
  type         = {M.Sc. thesis},
  address      = {Reykjavik, Iceland},
  month        = {June},
  note         = {Faculty of Industrial Engineering, Mechanical Engineering and Computer Science, School of Engineering and Natural Sciences}
}
@article{vanderdonckt2023minmaxlttb,
  title={MinMaxLTTB: Leveraging MinMax-Preselection to Scale LTTB},
  author={Van Der Donckt, Jeroen and Van Der Donckt, Jonas and Rademaker, Michael and Van Hoecke, Sofie},
  journal={arXiv preprint arXiv:2305.00332},
  year={2023}
}
@misc{tsdownsample,
  author       = {Predict-IDLab},
  title        = {tsdownsample: A library for downsampling time series for visual representation},
  year         = {2021},
  howpublished = {\url{https://github.com/predict-idlab/tsdownsample}},
  note         = {Accessed: 2025-05-25}
}
@inproceedings{plotly-resampler,
  title={Plotly-resampler: Effective visual analytics for large time series},
  author={Van Der Donckt, Jonas and Van Der Donckt, Jeroen and Deprost, Emiel and Van Hoecke, Sofie},
  booktitle={2022 IEEE Visualization and Visual Analytics (VIS)},
  pages={21--25},
  year={2022},
  organization={IEEE}
}
@book{stapenhurst2009benchmarking,
  author    = {Tim Stapenhurst},
  title     = {The Benchmarking Book: A How-to-Guide to Best Practice for Managers and Practitioners},
  year      = {2009},
  publisher = {Butterworth-Heinemann, an imprint of Elsevier},
  address   = {Oxford, UK},
  isbn      = {978-0-7506-8905-2}
}
@inproceedings{greff2017sacred,
  author    = {Klaus Greff and Andre Klein and Martin Chovanec and Frank Hutter and Jürgen Schmidhuber},
  title     = {The Sacred Infrastructure for Computational Research},
  booktitle = {Proceedings of the 15th Python in Science Conference (SciPy 2017)},
  year      = {2017},
  pages     = {49--56},
  address   = {Austin, Texas},
  url       = {https://github.com/IDSIA/sacred}
}

@Article{matplotlib,
  Author    = {Hunter, J. D.},
  Title     = {Matplotlib: A 2D graphics environment},
  Journal   = {Computing in Science \& Engineering},
  Volume    = {9},
  Number    = {3},
  Pages     = {90--95},
  abstract  = {Matplotlib is a 2D graphics package used for Python for
  application development, interactive scripting, and publication-quality
  image generation across user interfaces and operating systems.},
  publisher = {IEEE COMPUTER SOC},
  doi       = {10.1109/MCSE.2007.55},
  year      = 2007
}

@misc{pygal,
  author       = {Kozea},
  title        = {Pygal: PYthon svg GrAph plotting Library},
  year         = {2023},
  howpublished = {\url{https://github.com/Kozea/pygal}},
  note         = {Accessed: 2025-07-17},
  license      = {LGPL-3.0}
}
@misc{altair,
  author       = {Vega-Altair Developers},
  title        = {Vega-Altair: Declarative Visualization in Python},
  year         = {2024},
  howpublished = {\url{https://altair-viz.github.io/}},
  note         = {Version 5.5.0. Accessed: 2025-07-17}
}
@article{bonnetbidaud2009dunhuang,
  author    = {Jean-Marc Bonnet-Bidaud and Françoise Praderie and Susan Whitfield},
  title     = {The Dunhuang Chinese Sky: A Comprehensive Study of the Oldest Known Star Atlas},
  journal   = {Journal of Astronomical History and Heritage},
  volume    = {12},
  number    = {1},
  pages     = {39--59},
  year      = {2009},
  month     = {March},
  bibcode   = {2009JAHH...12...39B},
  eprint    = {arXiv:0906.3034}
}

@misc{visa2017facts,
  author       = {{Visa Inc.}},
  title        = {Visa Facts and Figures},
  year         = {2017},
  month        = jan,
  howpublished = {\url{https://www.visa.com}},
  note         = {Corporate fact sheet providing statistics and operational overview of Visa's global payments network. Accessed: 2025-07-17}
}
@misc{predict2025,
  author       = {{PreDiCT Team, IDLab - Ghent University - imec}},
  title        = {PreDiCT: Predictive Diagnostics through Contextual and Trustworthy AI},
  year         = {2025},
  howpublished = {\url{https://predict.idlab.ugent.be/}},
  note         = {Accessed: 2025-07-17}
}
@inproceedings{gbmp2014sea,
  title     = {From Theory to Practice: Plug and Play with Succinct Data Structures},
  author    = {Gog, Simon and Beller, Timo and Moffat, Alistair and Petri, Matthias},
  booktitle = {13th International Symposium on Experimental Algorithms, (SEA 2014)},
  year      = {2014},
  pages     = {326-337},
  ee        = {http://dx.doi.org/10.1007/978-3-319-07959-2_28}
}
@misc{sdsl4py2024,
  author       = {José Fuentes and Pedro Paris and Sebastián Aguayo and Gaspar Jiménez},
  title        = {sdsl4py: Python Bindings for the Succinct Data Structure Library (SDSL)},
  year         = {2024},
  howpublished = {\url{https://github.com/algorithms-diicc/sdsl4py}},
  note         = {Accessed: 2025-07-17},
  license      = {GPL-3.0}
}
@misc{kaggle_taxi,
  author = {Elemento},
  title = {NYC Yellow Taxi Trip Data},
  year = {2020},
  howpublished = {\url{https://www.kaggle.com/datasets/elemento/nyc-yellow-taxi-trip-data}},
  note = {Accedido el 5 de agosto de 2025}
}
